%% This BibTeX bibliography file was created using BibDesk.
%% http://bibdesk.sourceforge.net/

%% Created for Flavius Gruian at 2013-02-14 14:42:05 +0100 

%% Saved with string encoding Unicode (UTF-8) 



@article{xing,
  title={Natural language based financial forecasting: a survey},
  author={Xing, Frank Z and Cambria, Erik and Welsch, Roy E},
  journal={Artificial Intelligence Review},
  volume={50},
  number={1},
  pages={49--73},
  year={2018},
  publisher={Springer}
}


@inproceedings{ding2014using,
  title={Using structured events to predict stock price movement: An empirical investigation},
  author={Ding, Xiao and Zhang, Yue and Liu, Ting and Duan, Junwen},
  booktitle={Proceedings of the 2014 Conference on Empirical Methods in Natural Language Processing (EMNLP)},
  pages={1415--1425},
  year={2014}
}

@article{heston2017news,
  title={News vs. sentiment: Predicting stock returns from news stories},
  author={Heston, Steven L and Sinha, Nitish Ranjan},
  journal={Financial Analysts Journal},
  volume={73},
  number={3},
  pages={67--83},
  year={2017},
  publisher={Taylor \& Francis}
}

@misc{arorausing,
  title={Using news titles and financial features to predict intraday movements of the {DJIA}},
  author={Arora, Arjun and Datta, Avoy and Ding, Victoria},
  year={2019},
  note = {Project report}
}
@article{li2014news,
  title={News impact on stock price return via sentiment analysis},
  author={Li, Xiaodong and Xie, Haoran and Chen, Li and Wang, Jianping and Deng, Xiaotie},
  journal={Knowledge-Based Systems},
  volume={69},
  pages={14--23},
  year={2014},
  publisher={Elsevier}
}

@inproceedings{othan,
  title={Financial Sentiment Analysis for Predicting Direction of Stocks using Bidirectional Encoder Representations from Transformers ({BERT}) and Deep Learning Models},
  year = {2019},
  month = {12},
  booktitle = {International Conference on Innovative and Intelligent Technologies},
  author={Othan, Derya and Kilimci, Zeynep Hilal and Uysal, Mitat}
}

@article{mikolov2013efficient,
  title={Efficient estimation of word representations in vector space},
  author={Mikolov, Tomas and Chen, Kai and Corrado, Greg and Dean, Jeffrey},
  journal={arXiv preprint arXiv:1301.3781},
  year={2013}
}

@article{devlin2018bert,
  title={{BERT}: Pre-training of deep bidirectional transformers for language understanding},
  author={Devlin, Jacob and Chang, Ming-Wei and Lee, Kenton and Toutanova, Kristina},
  journal={arXiv preprint arXiv:1810.04805},
  year={2018}
}
@article{lan2019albert,
  title={Albert: A lite bert for self-supervised learning of language representations},
  author={Lan, Zhenzhong and Chen, Mingda and Goodman, Sebastian and Gimpel, Kevin and Sharma, Piyush and Soricut, Radu},
  journal={arXiv preprint arXiv:1909.11942},
  year={2019}
}

@article{leshno1993multilayer,
  title={Multilayer feedforward networks with a nonpolynomial activation function can approximate any function},
  author={Leshno, Moshe and Lin, Vladimir Ya and Pinkus, Allan and Schocken, Shimon},
  journal={Neural networks},
  volume={6},
  number={6},
  pages={861--867},
  year={1993},
  publisher={Elsevier}
}


@incollection{NIPS2017_7181,
title = {Attention is All you Need},
author = {Vaswani, Ashish and Shazeer, Noam and Parmar, Niki and Uszkoreit, Jakob and Jones, Llion and Gomez, Aidan N and Kaiser, \L ukasz and Polosukhin, Illia},
booktitle = {Advances in Neural Information Processing Systems 30},
editor = {I. Guyon and U. V. Luxburg and S. Bengio and H. Wallach and R. Fergus and S. Vishwanathan and R. Garnett},
pages = {5998--6008},
year = {2017},
publisher = {Curran Associates, Inc.},
url = {http://papers.nips.cc/paper/7181-attention-is-all-you-need.pdf}
}


@article{malkiel1970efficient,
  title={Efficient capital markets: A review of theory and empirical work},
  author={Malkiel, Burton G and Fama, Eugene F},
  journal={The journal of Finance},
  volume={25},
  number={2},
  pages={383--417},
  year={1970},
  publisher={Wiley Online Library}
}

@book{chollet2017deep,
  title={Deep Learning with Python},
  author={Chollet, F.},
  isbn={9781617294433},
  lccn={2018286242},
  url={https://books.google.se/books?id=Yo3CAQAACAAJ},
  year={2017},
  publisher={Manning Publications Company}
}

@misc{chollet2020keras,
  title={Keras},
  author={Chollet, Fran\c{c}ois and others},
  year={2020},
  howpublished={\url{https://keras.io}},
}

@book{manning2008introduction,
  added-at = {2010-12-20T06:06:48.000+0100},
  address = {Cambridge, UK},
  author = {Manning, Christopher D. and Raghavan, Prabhakar and Sch√ºtze, Hinrich},
  biburl = {https://www.bibsonomy.org/bibtex/29f4ab13e07b48b9723113aa74224be65/folke},
  interhash = {2e574e46b7668a7268e7f02b46f4d9bb},
  intrahash = {9f4ab13e07b48b9723113aa74224be65},
  isbn = {978-0-521-86571-5},
  keywords = {book information introduction ir retrieval},
  publisher = {Cambridge University Press},
  timestamp = {2010-12-20T06:06:48.000+0100},
  title = {Introduction to Information Retrieval},
  url = {http://nlp.stanford.edu/IR-book/information-retrieval-book.html},
  year = 2008
}

@Inbook{Ting2017,
author="Ting, Kai Ming",
editor="Sammut, Claude
and Webb, Geoffrey I.",
title="Precision and Recall",
bookTitle="Encyclopedia of Machine Learning and Data Mining",
year="2017",
publisher="Springer US",
address="Boston, MA",
pages="990--991",
isbn="978-1-4899-7687-1",
doi="10.1007/978-1-4899-7687-1_659",
url="https://doi.org/10.1007/978-1-4899-7687-1_659"
}

@inproceedings{pennington2014glove,
  author = {Jeffrey Pennington and Richard Socher and Christopher D. Manning},
  booktitle = {Empirical Methods in Natural Language Processing (EMNLP)},
  title = {GloVe: Global Vectors for Word Representation},
  year = {2014},
  pages = {1532--1543},
  url = {http://www.aclweb.org/anthology/D14-1162},
}


@InProceedings{maas-EtAl:2011:ACL-HLT2011,
  author    = {Maas, Andrew L.  and  Daly, Raymond E.  and  Pham, Peter T.  and  Huang, Dan  and  Ng, Andrew Y.  and  Potts, Christopher},
  title     = {Learning Word Vectors for Sentiment Analysis},
  booktitle = {Proceedings of the 49th Annual Meeting of the Association for Computational Linguistics: Human Language Technologies},
  month     = {June},
  year      = {2011},
  address   = {Portland, Oregon, USA},
  publisher = {Association for Computational Linguistics},
  pages     = {142--150},
  url       = {http://www.aclweb.org/anthology/P11-1015}
}

@Book{lindgren2014stationary,
 author = {Lindgren, Georg},
 title = {Stationary stochastic processes for scientists and engineers},
 publisher = {CRC Press, Taylor \& Francis Group},
 year = {2014},
 address = {Boca Raton},
 isbn = {9781466586185}
 }

@Book{hamilton1994time,
 author = {Hamilton, James},
 title = {Time series analysis},
 publisher = {Princeton University Press},
 year = {1994},
 address = {Princeton, N.J},
 isbn = {0691042896}
 }
 
 @book{Goodfellow-et-al-2016,
    title={Deep Learning},
    author={Ian Goodfellow and Yoshua Bengio and Aaron Courville},
    publisher={MIT Press},
    note={\url{http://www.deeplearningbook.org}},
    year={2016}
}

@misc{jayalammar2018,
    title={The Illustrated Transformer},
    author={Jay Alammar},
    year={2018},
    howpublished={\url{http://jalammar.github.io/illustrated-transformer/}}
}

@article{reimers2019sentence,
  title={Sentence-bert: Sentence embeddings using siamese bert-networks},
  author={Reimers, Nils and Gurevych, Iryna},
  journal={arXiv preprint arXiv:1908.10084},
  year={2019}
}

@article{hinton2012improving,
  title={Improving neural networks by preventing co-adaptation of feature detectors},
  author={Hinton, Geoffrey E and Srivastava, Nitish and Krizhevsky, Alex and Sutskever, Ilya and Salakhutdinov, Ruslan R},
  journal={arXiv preprint arXiv:1207.0580},
  year={2012}
}
